% Encoding: UTF-8

@misc{awsi4,
	author =       "AWS",
	year =         "2023",
	title =        "Amazon EC2 I4i Instances",
	url =          "https://aws.amazon.com/ec2/instance-types/i4i/",
}

@article{hw-xdp-dayan2021end,
	title={The end of Moore's law and the rise of the data processor},
	author={Dayan, Niv and Twitto, Moshe and Rochman, Yuval and Beitler, Uri and Zion, Itai Ben and Bortnikov, Edward and Dashevsky, Shmuel and Frishman, Ofer and Ginzburg, Evgeni and Maly, Igal and others},
	journal={Proceedings of the VLDB Endowment},
	volume={14},
	number={12},
	pages={2932--2944},
	year={2021},
	publisher={VLDB Endowment}
}

@inproceedings{cephweil2006ceph,
	title={Ceph: A scalable, high-performance distributed file system},
	author={Weil, Sage A and Brandt, Scott A and Miller, Ethan L and Long, Darrell DE and Maltzahn, Carlos},
	booktitle={Proceedings of the 7th symposium on Operating systems design and implementation (OSDI)},
	year={2006}
}
